%% LaTeX2e file `./Literatur.bib'
%% generated by the `filecontents' environment
%% from source `prueba2' on 2014/08/13.
%%
@article{otoole_optical_2010,
  title =    {Optical computing for fast light transport analysis},
  pages =    {1-12},
  journaltitle = {ACM Transactions on Graphics (TOG)},
  series =   {SIGGRAPH ASIA '10},
  library =  {Seoul, South Korea},
  author =   {{O'Toole}, Matthew and Kutulakos, Kiriakos N},
  date =     2010,
  note =     {ACM ID: 1866165}
}
